@article{lucchese2001colour,
  title={Colour image segmentation: a state-of-the-art survey},
  author={Lucchese, Luca and Mitra, Sanjit K},
  journal={Proceedings-Indian National Science Academy Part A},
  volume={67},
  number={2},
  pages={207--222},
  year={2001},
  publisher={Indian National Science Academy}
}

@inproceedings{ren2015faster,
	title={Faster r-cnn: Towards real-time object detection with region proposal networks},
	author={Ren, Shaoqing and He, Kaiming and Girshick, Ross and Sun, Jian},
	booktitle={Advances in neural information processing systems},
	pages={91--99},
	year={2015}
}

@article{chen2018deeplab,
	title={Deeplab: Semantic image segmentation with deep convolutional nets, atrous convolution, and fully connected crfs},
	author={Chen, Liang-Chieh and Papandreou, George and Kokkinos, Iasonas and Murphy, Kevin and Yuille, Alan L},
	journal={IEEE transactions on pattern analysis and machine intelligence},
	volume={40},
	number={4},
	pages={834--848},
	year={2018},
	publisher={IEEE}
}

@article{ji20133d,
	title={3D convolutional neural networks for human action recognition},
	author={Ji, Shuiwang and Xu, Wei and Yang, Ming and Yu, Kai},
	journal={IEEE transactions on pattern analysis and machine intelligence},
	volume={35},
	number={1},
	pages={221--231},
	year={2013},
	publisher={IEEE}
}

@inproceedings{etemad20093d,
	title={3D human action recognition and style transformation using resilient backpropagation neural networks},
	author={Etemad, Seyed Ali and Arya, Ali},
	booktitle={Intelligent Computing and Intelligent Systems, 2009. ICIS 2009. IEEE International Conference on},
	volume={4},
	pages={296--301},
	year={2009},
	organization={IEEE}
}

@inproceedings{milletari2016v,
	title={V-net: Fully convolutional neural networks for volumetric medical image segmentation},
	author={Milletari, Fausto and Navab, Nassir and Ahmadi, Seyed-Ahmad},
	booktitle={3D Vision (3DV), 2016 Fourth International Conference on},
	pages={565--571},
	year={2016},
	organization={IEEE}
}

@article{zhang2017beyond,
	title={Beyond a gaussian denoiser: Residual learning of deep cnn for image denoising},
	author={Zhang, Kai and Zuo, Wangmeng and Chen, Yunjin and Meng, Deyu and Zhang, Lei},
	journal={IEEE Transactions on Image Processing},
	volume={26},
	number={7},
	pages={3142--3155},
	year={2017},
	publisher={IEEE}
}